@book{thijssen_2007, place={Cambridge}, edition={2}, title={Computational Physics}, DOI={10.1017/CBO9781139171397}, publisher={Cambridge University Press}, author={Thijssen, Jos}, year={2007}}

@book{frenkel2001understanding,
	title={Understanding Molecular Simulation: From Algorithms to Applications},
	author={Frenkel, D. and Smit, B.},
	isbn={9780080519982},
	lccn={2001091477},
	series={Computational science},
	url={https://books.google.ch/books?id=5qTzldS9ROIC},
	year={2001},
	publisher={Elsevier Science}
}